@book{atiyah1994,
  title     = {Introduction To Commutative Algebra},
  author    = {Atiyah, M.F. and MacDonald, I.G.},
  isbn      = {9780813345444},
  series    = {Addison-Wesley series in mathematics},
  url       = {https://books.google.com.ec/books?id=HOASFid4x18C},
  year      = {1994},
  publisher = {Avalon Publishing}
}